%% This BibTeX bibliography file was created using BibDesk.
%% http://bibdesk.sourceforge.net/

%% Created for Neil Taylor at 2019-02-06 11:28:24 +0000 


%% Saved with string encoding Unicode (UTF-8) 


@misc{DyfiWildlifeCentre,
    Author = {{Montgomeryshire Wildlife Trust}},
    url="https://www.montwt.co.uk/projects/dyfi-wildlife-centre",
    Note = {Accessed 30 January 2020},
    Title = {{Dyfi Wildlife Centre | Montgomeryshire Wildlife Trust}}
    }

@misc{MaterialDesign,
    Author = {{Google LLC}},
    url="https://material.io/",
    Note = {Accessed 29 January 2020},
    Title = {Material Design}
    }

@misc{MDCWeb,
    Author = {Various},
    url = "https://github.com/material-components/material-components-web",
    Note = {Accessed 29 January 2020},
    Title = {Material Components for the web}
    }
    
@Inbook{Kotaru2020,
	author="Kotaru, Venkata Keerti",
	title="Angular: Components",
	bookTitle="Angular for Material Design: Leverage Angular Material and TypeScript to Build a Rich User Interface for Web Apps",
	year="2020",
	publisher="Apress",
	address="Berkeley, CA",
	pages="49--70",
	abstract="Components are the building blocks of an Angular application. Components bring reusability to a view. Imagine a view that presents user profiles and order information in the sample application that we are building (a superhero profile). We might need to present the same data in many places. Instead of duplicating the code in each instance, let's create a component and reuse it.",
	isbn="978-1-4842-5434-9",
	doi="10.1007/978-1-4842-5434-9_4",
	url="https://doi.org/10.1007/978-1-4842-5434-9_4"
}

@misc{OSM,
    Author = {{OpenStreetMap Foundation}},
    url = "https://wiki.openstreetmap.org/wiki/API_v0.6",
    Note = {Accessed 30 January 2020},
    Title = {{API v0.6 - OpenStreetMap Wiki}},
    month = "December",
    year = "2019"
    }
    
@misc{GoogleMapsPlatform,
    Author = {{Google LLC}},
    url = "https://cloud.google.com/maps-platform/pricing",
    Note = {Accessed 30 January 2020},
    Title = {{Pricing \& Plans | Google Maps Platform | Google Cloud}}
    }
    
@mastersthesis{nystrom_2011,
  author       = {Anna Nystrom}, 
  title        = {Agile Solo: Defining and Evaluating an Agile Software Development Process for a Single Software Developer},
  school       = {Chalmers University of Technology},
  year         = 2011,
  url = "http://publications.lib.chalmers.se/records/fulltext/147143.pdf"
}
    
    
    
